<?xml version="1.0" encoding="UTF-8"?><record xmlns="http://www.loc.gov/MARC21/slim" xmlns:cinclude="http://apache.org/cocoon/include/1.0" xmlns:zs="http://www.loc.gov/zing/srw/">
  <leader>00421cz  a2200133n  4500</leader>
  <controlfield tag="001">nr 90008068 </controlfield>
  <controlfield tag="003">DLC</controlfield>
  <controlfield tag="005">20141210092953.0</controlfield>
  <controlfield tag="008">900511n| azannaab           |n aaa     c</controlfield>
  <datafield tag="010" ind1=" " ind2=" ">
    <subfield code="a">nr 90008068 </subfield>
  </datafield>
  <datafield tag="040" ind1=" " ind2=" ">
    <subfield code="a">CtY</subfield>
    <subfield code="b">eng</subfield>
    <subfield code="e">rda</subfield>
    <subfield code="c">CtY</subfield>
    <subfield code="d">DLC</subfield>
  </datafield>
  <datafield tag="046" ind1=" " ind2=" ">
    <subfield code="f">1955</subfield>
  </datafield>
  <datafield tag="100" ind1="1" ind2=" ">
    <subfield code="a">Kułakowski, Mirosław,</subfield>
    <subfield code="d">1955-</subfield>
  </datafield>
  <datafield tag="670" ind1=" " ind2=" ">
    <subfield code="a">His Marynarka Wojenna Polski Odrodzonej, 1988:</subfield>
    <subfield code="b">t.p. (Mirosław Kułakowki) t.p. verso (Kułakowki, Mirosław, 1955- )</subfield>
  </datafield>
</record>